% INTRO
@article{lander2001initial,
  title={Initial sequencing and analysis of the human genome},
  author={Lander, Eric S and Linton, Lauren M and Birren, Bruce and Nusbaum, Chad and Zody, Michael C and Baldwin, Jennifer and Devon, Keri and Dewar, Ken and Doyle, Michael and FitzHugh, William and others},
  journal={Nature},
  volume={409},
  number={6822},
  pages={860--921},
  year={2001},
  publisher={Nature Publishing Group}
}

@article{sanger1977dna,
  title={DNA sequencing with chain-terminating inhibitors},
  author={Sanger, Frederick and Nicklen, Steven and Coulson, Alan R},
  journal={Proceedings of the National Academy of Sciences},
  volume={74},
  number={12},
  pages={5463--5467},
  year={1977},
  publisher={National Acad Sciences}
}


@book{lengauer2007bioinformatics,
  title={Bioinformaticsâ€”From Genomes to Therapies},
  author={Lengauer, Thomas},
  year={2007},
  publisher={Wiley Online Library}
}

@article{pabinger2014survey,
  title={A survey of tools for variant analysis of next-generation genome sequencing data},
  author={Pabinger, Stephan and Dander, Andreas and Fischer, Maria and Snajder, Rene and Sperk, Michael and Efremova, Mirjana and Krabichler, Birgit and Speicher, Michael R and Zschocke, Johannes and Trajanoski, Zlatko},
  journal={Briefings in bioinformatics},
  volume={15},
  number={2},
  pages={256--278},
  year={2014},
  publisher={Oxford Univ Press}
}

@article{li2009sequence,
  title={The sequence alignment/map format and SAMtools},
  author={Li, Heng and Handsaker, Bob and Wysoker, Alec and Fennell, Tim and Ruan, Jue and Homer, Nils and Marth, Gabor and Abecasis, Goncalo and Durbin, Richard and others},
  journal={Bioinformatics},
  volume={25},
  number={16},
  pages={2078--2079},
  year={2009},
  publisher={Oxford Univ Press}
}

@article{danecek2011variant,
  title={The variant call format and VCFtools},
  author={Danecek, Petr and Auton, Adam and Abecasis, Goncalo and Albers, Cornelis A and Banks, Eric and DePristo, Mark A and Handsaker, Robert E and Lunter, Gerton and Marth, Gabor T and Sherry, Stephen T and others},
  journal={Bioinformatics},
  volume={27},
  number={15},
  pages={2156--2158},
  year={2011},
  publisher={Oxford Univ Press}
}

@article{warden2014detailed,
  title={Detailed comparison of two popular variant calling packages for exome and targeted exon studies},
  author={Warden, Charles D and Adamson, Aaron W and Neuhausen, Susan L and Wu, Xiwei},
  journal={PeerJ},
  volume={2},
  pages={e600},
  year={2014},
  publisher={PeerJ Inc.}
}

@article{biesecker2013genomic,
  title={A genomic view of mosaicism and human disease},
  author={Biesecker, Leslie G and Spinner, Nancy B},
  journal={Nature Reviews Genetics},
  volume={14},
  number={5},
  pages={307--320},
  year={2013},
  publisher={Nature Publishing Group}
}

@article{karolchik2003ucsc,
  title={The UCSC genome browser database},
  author={Karolchik, Donna and Baertsch, Robert and Diekhans, Mark and Furey, Terrence S and Hinrichs, Angie and Lu, YT and Roskin, Krishna M and Schwartz, Matthias and Sugnet, Charles W and Thomas, Daryl J and others},
  journal={Nucleic acids research},
  volume={31},
  number={1},
  pages={51--54},
  year={2003},
  publisher={Oxford Univ Press}
}


% METHODS
@article{scheifler1986x,
  title={The X window system},
  author={Scheifler, Robert W and Gettys, Jim},
  journal={ACM Transactions on Graphics (TOG)},
  volume={5},
  number={2},
  pages={79--109},
  year={1986},
  publisher={ACM}
}

@misc{lougher2008squashfs,
  title={SquashFS},
  author={Lougher, Phillip and Lougher, R},
  howpublished={\url{http://www.squashfs-lzma.org/}},
  year={2008}
}

% DISCUSSION

@article{reed2010information,
  title={Information'Ownership'in the Cloud},
  author={Reed, Chris},
  journal={Queen Mary School of Law Legal Studies Research Paper},
  number={45},
  year={2010}
}


